@misc{agencies_2018, title={YouTube HQ shooting: police identify woman who opened fire}, url={https://www.theguardian.com/technology/2018/apr/04/youtube-shooting-police-identify-woman-opened-fire-hq}, journal={The Guardian}, publisher={Guardian News and Media}, author={agencies, Staff and}, year={2018}, month={Apr}}